{
  "revenues": [    820,
    1150,
    980,
    1580,
    1050,
    2503.83,
    1320,
    1490,
    1020,
    1680,
    1210,
    1180],
  "commissions": [    2350,
    2280,
    2600,
    3100,
    2200,
    2950,
    3700,
    2250,
    2950,
    2400,
    2450,
    2000],
  "months": [
    "Jan '24",
    "Feb '24",
    "Mar '24",
    "Apr '24",
    "May '24",
    "Jun '24",
    "Jul '24",
    "Aug '24",
    "Sep '24",
    "Oct '24",
    "Nov '24",
    "Dec '24"
  ]
}
